@book{mcmullen2002abstract,
  title={Abstract regular polytopes},
  author={McMullen, Peter and Schulte, Egon},
  volume={92},
  year={2002},
  publisher={Cambridge University Press}
}
